@inproceedings{bhagat2025richer,
  title={Richer Output for Richer Countries: Uncovering Geographical Disparities in Generated Stories and Travel Recommendations},
  author={Bhagat, Kirti and Vasisht, Kinshuk and Pruthi, Danish},
  booktitle={Findings of the North American Chapter of the Association for Computational Linguistics (NAACL)},
  year={2025},
  url={https://aclanthology.org/2025.findings-naacl.262}
}

@article{manvi2024geographically,
  title={Large Language Models are Geographically Biased},
  author={Manvi, Rohin and Khanna, Samar and Burke, Marshall and Lobell, David and Ermon, Stefano},
  journal={arXiv preprint arXiv:2402.02680},
  year={2024},
  url={https://arxiv.org/abs/2402.02680}
}

@inproceedings{moayeri2024worldbench,
  title={WorldBench: Quantifying Geographic Disparities in LLM Factual Recall},
  author={Moayeri, Mazda and Tabassi, Elham and Feizi, Soheil},
  booktitle={ACM Conference on Fairness, Accountability, and Transparency (FAccT)},
  year={2024},
  url={https://facctconference.org/static/papers24/facct24-82.pdf}
}

@inproceedings{decoupes2024distortions,
  title={Evaluation of Geographical Distortions in Language Models: A Crucial Step Towards Equitable Representations},
  author={Decoupes, RÃ©my and Interdonato, Roberto and Roche, Mathieu and Teisseire, Maguelonne and Valentin, Sarah},
  booktitle={International Conference on Discovery Science},
  year={2024},
  url={https://arxiv.org/abs/2404.17401}
}

@inproceedings{goldfarb2023bias,
  title={Bias Beyond English: Counterfactual Tests for Bias in Sentiment Analysis in Four Languages},
  author={Goldfarb-Tarrant, Seraphina and Lopez, Adam and Blanco, Roi and Marcheggiani, Diego},
  booktitle={Findings of the Association for Computational Linguistics (ACL)},
  year={2023},
  url={https://arxiv.org/abs/2305.11673}
}

@article{yu2025msqad,
  title={Delving into Multilingual Ethical Bias: The MSQAD with Statistical Hypothesis Tests for Large Language Models},
  author={Yu, Seunguk and Choi, Juhwan and Kim, Youngbin},
  journal={arXiv preprint arXiv:2505.19121},
  year={2025},
  url={https://arxiv.org/abs/2505.19121}
}

@inproceedings{huang2020reducing,
  title={Reducing Sentiment Bias in Language Models via Counterfactual Evaluation},
  author={Huang, Po-Sen and Zhang, Huan and Jiang, Ray and Stanforth, Robert and Welbl, Johannes and Rae, Jack and Maini, Vishal and Yogatama, Dani and Kohli, Pushmeet},
  booktitle={Findings of EMNLP},
  year={2020},
  url={https://arxiv.org/abs/1911.03064}
}

@inproceedings{lu2018gender,
  title={Gender Bias in Neural Natural Language Processing},
  author={Lu, Jiaxin and Li, Zhijing and Liu, Qian and Neubig, Graham},
  booktitle={Proceedings of the 2018 Conference on Empirical Methods in Natural Language Processing},
  year={2018}
}
